
        <record>
            <recordSchema>marcxml</recordSchema>
            <recordPacking>xml</recordPacking>
            <recordData>
                <record xmlns="http://www.loc.gov/MARC21/slim">
                    <leader>02904cam a2200433M  4500</leader>
                    <controlfield tag="001">999920928694002201</controlfield>
                    <controlfield tag="005">20210605001632.0</controlfield>
                    <controlfield tag="006">m     o  d</controlfield>
                    <controlfield tag="007">cr |n|||||||||</controlfield>
                    <controlfield tag="008">190803s2019    xx      o     000 0 eng d</controlfield>
                    <datafield ind1=" " ind2=" " tag="020">
                        <subfield code="a">0-429-20386-1</subfield>
                    </datafield>
                    <datafield ind1=" " ind2=" " tag="020">
                        <subfield code="a">0-429-51226-0</subfield>
                    </datafield>
                    <datafield ind1=" " ind2=" " tag="035">
                        <subfield code="a">(CKB)4100000008780733</subfield>
                    </datafield>
                    <datafield ind1=" " ind2=" " tag="035">
                        <subfield code="a">(MiAaPQ)EBC5840040</subfield>
                    </datafield>
                    <datafield ind1=" " ind2=" " tag="035">
                        <subfield code="a">(OCoLC)1110713838</subfield>
                        <subfield code="z">(OCoLC)1111504909</subfield>
                    </datafield>
                    <datafield ind1=" " ind2=" " tag="035">
                        <subfield code="a">(OCoLC-P)1110713838</subfield>
                    </datafield>
                    <datafield ind1=" " ind2=" " tag="035">
                        <subfield code="a">(FlBoTFG)9780429203862</subfield>
                    </datafield>
                    <datafield ind1=" " ind2=" " tag="035">
                        <subfield code="a">(EXLCZ)994100000008780733</subfield>
                    </datafield>
                    <datafield ind1=" " ind2=" " tag="040">
                        <subfield code="a">OCoLC-P</subfield>
                        <subfield code="b">eng</subfield>
                        <subfield code="c">OCoLC-P</subfield>
                    </datafield>
                    <datafield ind1=" " ind2="4" tag="050">
                        <subfield code="a">HD30.255</subfield>
                        <subfield code="b">.S585 2020</subfield>
                    </datafield>
                    <datafield ind1=" " ind2="7" tag="072">
                        <subfield code="a">BUS</subfield>
                        <subfield code="x">000000</subfield>
                        <subfield code="2">bisacsh</subfield>
                    </datafield>
                    <datafield ind1=" " ind2="7" tag="072">
                        <subfield code="a">BUS</subfield>
                        <subfield code="x">094000</subfield>
                        <subfield code="2">bisacsh</subfield>
                    </datafield>
                    <datafield ind1=" " ind2="7" tag="072">
                        <subfield code="a">KJMV7</subfield>
                        <subfield code="2">bicssc</subfield>
                    </datafield>
                    <datafield ind1="0" ind2=" " tag="082">
                        <subfield code="a">658.4083</subfield>
                        <subfield code="2">23</subfield>
                    </datafield>
                    <datafield ind1="1" ind2=" " tag="100">
                        <subfield code="a">Sitkin, Alan.</subfield>
                    </datafield>
                    <datafield ind1="1" ind2="0" tag="245">
                        <subfield code="a">ABSOLUTE ESSENTIALS OF GREEN BUSINESS</subfield>
                        <subfield code="h">[electronic resource].</subfield>
                    </datafield>
                    <datafield ind1=" " ind2=" " tag="260">
                        <subfield code="a">[S.l.] :</subfield>
                        <subfield code="b">ROUTLEDGE,</subfield>
                        <subfield code="c">2019.</subfield>
                    </datafield>
                    <datafield ind1=" " ind2=" " tag="300">
                        <subfield code="a">1 online resource (127 pages).</subfield>
                    </datafield>
                    <datafield ind1=" " ind2=" " tag="336">
                        <subfield code="a">text</subfield>
                        <subfield code="b">txt</subfield>
                        <subfield code="2">rdacontent</subfield>
                    </datafield>
                    <datafield ind1=" " ind2=" " tag="337">
                        <subfield code="a">computer</subfield>
                        <subfield code="b">c</subfield>
                        <subfield code="2">rdamedia</subfield>
                    </datafield>
                    <datafield ind1=" " ind2=" " tag="338">
                        <subfield code="a">online resource</subfield>
                        <subfield code="b">cr</subfield>
                        <subfield code="2">rdacarrier</subfield>
                    </datafield>
                    <datafield ind1="0" ind2=" " tag="490">
                        <subfield code="a">Absolute essentials of business &amp; economics</subfield>
                    </datafield>
                    <datafield ind1=" " ind2=" " tag="588">
                        <subfield code="a">Description based on print version record.</subfield>
                    </datafield>
                    <datafield ind1=" " ind2=" " tag="520">
                        <subfield code="a">This short textbook provides a core understanding of the intersection between business and the natural environment. The sector's rapid expansion means that many university programmes are focusing to a greater extent nowadays on the career opportunities generated by the ecological imperative - a curriculum increasingly referred to as "green business". Climate breakdown is a devastating issue facing contemporary society. With six out of the ten largest multinationals listed in the 2018 Fortune Global 500 being active in the energy sector, it is no surprise that more and more business schools are offering modules addressing the management of natural resources. The business world has made some progress incorporating green principles into their strategies and operations, but progress needs to accelerate in line with global agreements to prevent catastrophic ecological and environmental problems. Absolute Essentials of Green Business stands out because of its singular focus on a subset of this wider curricular area. By covering both the macro (framework) and micro (business strategy) aspects of the topic, the book's structure is in line with the way modules of this nature are taught in universities today. Students of business and environmental studies will benefit from reading this concise textbook in order to develop their understanding of a fundamental element of the social science curriculum.</subfield>
                    </datafield>
                    <datafield ind1=" " ind2="0" tag="650">
                        <subfield code="a">Business enterprises</subfield>
                        <subfield code="x">Environmental aspects.</subfield>
                    </datafield>
                    <datafield ind1=" " ind2="4" tag="655">
                        <subfield code="a">Electronic books.</subfield>
                    </datafield>
                    <datafield ind1=" " ind2=" " tag="776">
                        <subfield code="z">0-367-19672-7</subfield>
                    </datafield>
                    <datafield ind1="0" ind2="1" tag="852">
                        <subfield code="a">47BIBSYS_BI</subfield>
                        <subfield code="6">999919947877902215</subfield>
                        <subfield code="9">E</subfield>
                    </datafield>
                    <datafield ind1="0" ind2="1" tag="852">
                        <subfield code="a">47BIBSYS_UBIN</subfield>
                        <subfield code="6">999920037789802211</subfield>
                        <subfield code="9">E</subfield>
                    </datafield>
                    <datafield ind1="0" ind2="1" tag="852">
                        <subfield code="a">47BIBSYS_HIM</subfield>
                        <subfield code="6">999920016650502223</subfield>
                        <subfield code="9">E</subfield>
                    </datafield>
                    <datafield ind1=" " ind2=" " tag="906">
                        <subfield code="a">BOOK</subfield>
                    </datafield>
                    <datafield ind1="4" ind2="2" tag="956">
                        <subfield code="3">Innholdsfortegnelse</subfield>
                        <subfield code="u">https://contents.bibs.aws.unit.no/content/?isbn=9780429512261</subfield>
                        <subfield code="9">LOCAL</subfield>
                    </datafield>
                    <datafield ind1="4" ind2="2" tag="956">
                        <subfield code="3">Forlagets beskrivelse (lang)</subfield>
                        <subfield code="u">https://contents.bibs.aws.unit.no/content/?isbn=9780429512261</subfield>
                        <subfield code="9">LOCAL</subfield>
                    </datafield>
                </record>
            </recordData>
            <recordIdentifier>999920928694002201</recordIdentifier>
            <recordPosition>2</recordPosition>
        </record>
    </records>
    <extraResponseData xmlns:xb="http://www.exlibris.com/repository/search/xmlbeans/">
        <xb:exact>true</xb:exact>
        <xb:responseDate>2021-10-26T10:09:22+0200</xb:responseDate>
    </extraResponseData>
</searchRetrieveResponse>